<?xml version="1.0" encoding="UTF-8"?><record xmlns="http://www.loc.gov/MARC21/slim" xmlns:cinclude="http://apache.org/cocoon/include/1.0" xmlns:zs="http://www.loc.gov/zing/srw/">
  <leader>01511cz  a2200253n  4500</leader>
  <controlfield tag="001">n  81062036 </controlfield>
  <controlfield tag="003">DLC</controlfield>
  <controlfield tag="005">20160802173002.0</controlfield>
  <controlfield tag="008">810811n| azannaabn          |a ana      </controlfield>
  <datafield tag="010" ind1=" " ind2=" ">
    <subfield code="a">n  81062036 </subfield>
  </datafield>
  <datafield tag="035" ind1=" " ind2=" ">
    <subfield code="a">(OCoLC)oca00607449</subfield>
  </datafield>
  <datafield tag="040" ind1=" " ind2=" ">
    <subfield code="a">DLC</subfield>
    <subfield code="b">eng</subfield>
    <subfield code="e">rda</subfield>
    <subfield code="c">DLC</subfield>
    <subfield code="d">DLC-S</subfield>
    <subfield code="d">WaU</subfield>
    <subfield code="d">DLC</subfield>
    <subfield code="d">IEN</subfield>
    <subfield code="d">DLC</subfield>
  </datafield>
  <datafield tag="046" ind1=" " ind2=" ">
    <subfield code="s">1441</subfield>
    <subfield code="t">1970</subfield>
  </datafield>
  <datafield tag="110" ind1="2" ind2=" ">
    <subfield code="a">Université de Bordeaux (1441-1970)</subfield>
  </datafield>
  <datafield tag="370" ind1=" " ind2=" ">
    <subfield code="c">France</subfield>
    <subfield code="e">Bordeaux (Aquitaine, France)</subfield>
    <subfield code="2">naf</subfield>
  </datafield>
  <datafield tag="410" ind1="2" ind2=" ">
    <subfield code="w">nne</subfield>
    <subfield code="a">Université de Bordeaux</subfield>
  </datafield>
  <datafield tag="410" ind1="1" ind2=" ">
    <subfield code="a">Bordeaux (Aquitaine, France).</subfield>
    <subfield code="b">Université</subfield>
  </datafield>
  <datafield tag="410" ind1="1" ind2=" ">
    <subfield code="w">nnaa</subfield>
    <subfield code="a">Bordeaux.</subfield>
    <subfield code="b">Université</subfield>
  </datafield>
  <datafield tag="510" ind1="2" ind2=" ">
    <subfield code="w">r</subfield>
    <subfield code="i">Successor:</subfield>
    <subfield code="a">Université de Bordeaux I</subfield>
  </datafield>
  <datafield tag="510" ind1="2" ind2=" ">
    <subfield code="w">r</subfield>
    <subfield code="i">Successor:</subfield>
    <subfield code="a">Université de Bordeaux II</subfield>
  </datafield>
  <datafield tag="510" ind1="2" ind2=" ">
    <subfield code="w">r</subfield>
    <subfield code="i">Successor:</subfield>
    <subfield code="a">Université de Bordeaux III</subfield>
  </datafield>
  <datafield tag="670" ind1=" " ind2=" ">
    <subfield code="a">Its Conseil de l'Université. Rapport ... année scolaire 1923-1924:</subfield>
    <subfield code="b">t.p. (Université de Bordeaux)</subfield>
  </datafield>
  <datafield tag="670" ind1=" " ind2=" ">
    <subfield code="a">LC manual cat.</subfield>
    <subfield code="b">(heading: Université de Bordeaux III; info: In 1970 the Université de Bordeaux was reorganized into three separate universities, Université de Bordeaux I, II, and III)</subfield>
  </datafield>
  <datafield tag="670" ind1=" " ind2=" ">
    <subfield code="a">Université Bordeaux Montaigne website, viewed Jan. 9, 2015:</subfield>
    <subfield code="b">Histoire de l'université (1441, creation of the Université de Bordeaux by Pope Eugene IV; included 4 faculties: arts, medicine, law, theology; suppressed in 1793 during revolution, then reorganized by Bonaparte, faculty of arts replaced by faculty of literature and faculty of sciences; 1970, Université de Bordeaux divided into 3 universities and 1 in Pau)</subfield>
  </datafield>
</record>